<?xml version="1.0" encoding="UTF-8"?><record xmlns="http://www.loc.gov/MARC21/slim" xmlns:cinclude="http://apache.org/cocoon/include/1.0" xmlns:zs="http://www.loc.gov/zing/srw/">
  <leader>00689cz  a2200145n  4500</leader>
  <controlfield tag="001">n  79041879 </controlfield>
  <controlfield tag="003">DLC</controlfield>
  <controlfield tag="005">19981107053131.7</controlfield>
  <controlfield tag="008">790430n| acannaab|          |n aaa |||  </controlfield>
  <datafield tag="010" ind1=" " ind2=" ">
    <subfield code="a">n  79041879 </subfield>
  </datafield>
  <datafield tag="035" ind1=" " ind2=" ">
    <subfield code="a">(OCoLC)oca00275328 </subfield>
  </datafield>
  <datafield tag="040" ind1=" " ind2=" ">
    <subfield code="a">DLC</subfield>
    <subfield code="c">DLC</subfield>
    <subfield code="d">NmU</subfield>
  </datafield>
  <datafield tag="100" ind1="1" ind2="0">
    <subfield code="a">Bloomfield, Harold H.,</subfield>
    <subfield code="d">1944-</subfield>
  </datafield>
  <datafield tag="670" ind1=" " ind2=" ">
    <subfield code="a">His TM*: discovering inner energy ... 1975.</subfield>
  </datafield>
  <datafield tag="670" ind1=" " ind2=" ">
    <subfield code="a">Hypericum &amp; depression, c1996:</subfield>
    <subfield code="b">t.p. (Harold H. Bloomfield) p. 201 (M.D.; Yale-trained psychiatrist; psychol. educator) p. 202 (Dr.; adj. prof. of psychol., Union Grad. Sch.; mbr., Amer. Psychiat. Assoc. and San Diego Psychiat. Assoc.; private practice of psychiat., psychotherapy, and exec. counseling in Del Mar, Calif.)</subfield>
  </datafield>
</record>